@misc{website:metaprogramming,
	author = "Abdelmonaim Remani",
	title  = "The Art of Metaprogramming in Java",
	year   =  2012,
	howpublished = "\url{http://www.slideshare.net/PolymathicCoder/the-art-of-metaprogramming-in-java}",
}

@misc{wiki:oop,     
    howpublished = "\url{http://en.wikipedia.org/wiki/Object-oriented_programming}",
    author = "Wikipedia",
}

@misc{wiki:meta,
	howpublished = "\url{http://en.wikipedia.org/wiki/Meta}",
	author = "Wikipedia",
}

@misc{dictionary:modeling,
	howpublished = "\url{http://dictionary.reference.com/browse/modeling}",
	author = "English Dictionary",
}

@misc{figure:CatModel,
	author = "Grady Booch",
	howpublished = "\url{http://www.evinw.com/w/oop-concepts-php/}",
}

@inproceedings{tools:iPlasma,
    author = {C. Marinescu and R. Marinescu and P. F. Mihancea and R. Wettel},
    title = {iplasma: An integrated platform for quality assessment of object-oriented design},
    booktitle = {In ICSM (Industrial and Tool Volume)},
    year = {2005},
    pages = {77--80},
    publisher = {Society Press},
}

@inproceedings{tools:inCode,
    author = {Marinescu R. and Ganea G. and Verebi I.},
    title = {inCode: Continuous Quality Assessment and Improvement},
    booktitle = {Software Maintenance and Reengineering (CSMR)},
    year = {2010},
    pages = {274 - 275},
    publisher = {IEEE},
}

@book{book:ThinkingInJava,
	author = {Bruce Eckel},
	title  = {Thinking in Java},
	publisher = {Prentice Hall},
	year  = {2006}
}

@book{book:UMLDistilled,
 author = {Fowler, Martin},
 title = {UML Distilled: A Brief Guide to the Standard Object Modeling Language},
 year = {2003},
 isbn = {0321193687},
 edition = {3},
 publisher = {Addison-Wesley Longman Publishing Co., Inc.},
 address = {Boston, MA, USA},
} 	