@inproceedings{DBLP:conf/icse/PachecoLEB07,
  author    = {Carlos Pacheco and
               Shuvendu K. Lahiri and
               Michael D. Ernst and
               Thomas Ball},
  title     = {Feedback-Directed Random Test Generation},
  booktitle = {ICSE},
  year      = {2007},
  pages     = {75-84},
  ee        = {http://doi.ieeecomputersociety.org/10.1109/ICSE.2007.37},
  crossref  = {DBLP:conf/icse/2007},
  bibsource = {DBLP, http://dblp.uni-trier.de}
}
@proceedings{DBLP:conf/icse/2007,
  title     = {29th International Conference on Software Engineering (ICSE
               2007), Minneapolis, MN, USA, May 20-26, 2007},
  booktitle = {ICSE},
  publisher = {IEEE Computer Society},
  year      = {2007},
  bibsource = {DBLP, http://dblp.uni-trier.de}
}
@misc{website:jung,
      author = "Joshua O'Madadhain and Danyel Fisher and Tom Nelson and Scott White and Yan-Biao Boey",
      title = "JUNG - {J}ava {U}niversal {N}etwork/{G}raph {F}ramework",
      year = 2010,
      howpublished = "http://jung.sourceforge.net/",
}